
@book{van1995python,
  title={Python reference manual},
  author={Van Rossum, Guido and Drake Jr, Fred L},
  year={1995},
  publisher={Centrum voor Wiskunde en Informatica Amsterdam}
}

@article{neo4j2012world,
  title={The worldâ€™s leading graph database},
  author={Neo4j},
  journal={https://neo4j.com},
}


@article{neo4jbloom,
  title={Neo4j Bloom},
  author={Neo4j},
  journal={https://neo4j.com/product/bloom/},
}


@article{neo4jundirected,
    author={Neo4j},
    title={Neo4j Undirected Graph},
    journal = {https://community.neo4j.com/t/unable-to-create-undirected-graph/18405},
}


@article{OpenStreetMap,
   author = {OpenStreetMap},
   journal={https://www.openstreetmap.org},
 }
 

@article{facebookleak,
  title={Facebook data leak},
  author={TheGuardian},
  journal={https://www.theguardian.com/technology/2021/apr/03/500-million-facebook-users-website-hackers},
  year={2021}
}
 


@article{worldcountries,
   author={Tanu N Prabhu},
   title={{Population by Country}},
   journal={https://www.kaggle.com/tanuprabhu/population-by-country-2020},
   year={2020}
 }
 
 @article{datiopen, 
 author={DatiOpen},
 title={Dati Open, il portale italiano dell'Open Data},
 journal={http://www.datiopen.it},
 }
 
 @article{fdatesting,
 author={FDA},
 title={Coronavirus Disease 2019 Testing Basics},
 journal={https://www.fda.gov/consumers/consumer-updates/coronavirus-disease-2019-testing-basics}, year={2021}
 }
 
 @article{simplemaps,
 author={simplemaps},
 title={World Cities Database},
 journal={https://simplemaps.com/data/world-cities},
 year={2021}
 }
 
 @article{ourworldindata,
 author={ourworldindata},
 title={Coronavirus (COVID-19) Vaccinations},
 journal={https://ourworldindata.org/covid-vaccinations},
 year={2021}
 }